<record><leader>00000cas a2200000 a 4500</leader><controlfield tag="001">12257790</controlfield><controlfield tag="008">850712d18891889ksuwr ne      0    0eng d</controlfield><datafield ind1=" " ind2=" " tag="010"><subfield code="a">sn 85031413 </subfield></datafield><datafield ind1=" " ind2=" " tag="040"><subfield code="a">KSH</subfield><subfield code="b">eng</subfield><subfield code="c">KSH</subfield><subfield code="d">NPT</subfield><subfield code="d">OCL</subfield><subfield code="d">OCLCQ</subfield></datafield><datafield ind1=" " ind2=" " tag="042"><subfield code="a">msc</subfield></datafield><datafield ind1="0" ind2="4" tag="245"><subfield code="a">The Journal and sun.</subfield></datafield><datafield ind1=" " ind2=" " tag="260"><subfield code="a">Coffeyville, Kan. :</subfield><subfield code="b">Journal and Sun Print. Co.,</subfield><subfield code="c">1889.</subfield></datafield><datafield ind1=" " ind2=" " tag="300"><subfield code="a">1 v. :</subfield><subfield code="b">ill. ;</subfield><subfield code="c">69 cm.</subfield></datafield><datafield ind1=" " ind2=" " tag="310"><subfield code="a">Weekly</subfield></datafield><datafield ind1="0" ind2=" " tag="362"><subfield code="a">Vol. 14, no. 40 (July 19, 1889)-v. 15, no. 11 (Dec. 27, 1889) = whole no. 854-no. 787.</subfield></datafield><datafield ind1=" " ind2=" " tag="500"><subfield code="a">"Republican."</subfield></datafield><datafield ind1=" " ind2=" " tag="525"><subfield code="a">Includes holiday supplement, Dec. 27, 1889.</subfield></datafield><datafield ind1=" " ind2=" " tag="752"><subfield code="a">United States</subfield><subfield code="b">Kansas</subfield><subfield code="c">Montgomery</subfield><subfield code="d">Coffeyville.</subfield></datafield><datafield ind1="0" ind2="4" tag="780"><subfield code="t">Coffeyville journal (Coffeyville, Kan. : 1875)</subfield><subfield code="w">(DLC)sn 85031412</subfield></datafield><datafield ind1="0" ind2="4" tag="780"><subfield code="t">Sun (Coffeyville, Kan. : Weekly)</subfield><subfield code="w">(DLC)sn 85031411</subfield></datafield><datafield ind1="0" ind2="0" tag="785"><subfield code="t">Journal (Coffeyville, Kan.)</subfield><subfield code="w">(DLC)sn 85031414</subfield></datafield></record>